@article{Graal,
      author         = "Bartalini, O. and others",
      title          = "{Measurement of pi0 photoproduction on the proton from
                        550-MeV to 1500-MeV at GRAAL}",
      collaboration  = "GRAAL Collaboration",
      journal        = "Eur.Phys.J.",
      volume         = "A26",
      pages          = "399-419",
      doi            = "10.1140/epja/i2005-10191-2",
      year           = "2005",
      SLACcitation   = "%%CITATION = EPHJA,A26,399;%%",
}
@article{Dugger07,
      author         = "Dugger, M. and Ritchie, Barry G. and Ball, J.P. and
                        Collins, P. and Pasyuk, Eugene and others",
      title          = "{pi0 photoproduction on the proton for photon energies
                        from 0.675 to 2.875-GeV}",
      journal        = "Phys.Rev.",
      volume         = "C76",
      pages          = "025211",
      doi            = "10.1103/PhysRevC.76.025211",
      year           = "2007",
      eprint         = "0705.0816",
      archivePrefix  = "arXiv",
      primaryClass   = "hep-ex",
      reportNumber   = "JLAB-PHY-07-674",
      SLACcitation   = "%%CITATION = ARXIV:0705.0816;%%",
}
@article{Dugger09,
      author         = "Dugger, M. and others",
      title          = "{pi+ photoproduction on the proton for photon energies from 0.725 to 2.875-GeV}",
      collaboration  = "CLAS Collaboration",
      journal        = "Phys.Rev.",
      volume         = "C79",
      pages          = "065206",
      doi            = "10.1103/PhysRevC.79.065206",
      year           = "2009",
      eprint         = "0903.1110",
      archivePrefix  = "arXiv",
      primaryClass   = "hep-ex",
      reportNumber   = "JLAB-PHY-09-939",
      SLACcitation   = "%%CITATION = ARXIV:0903.1110;%%",
}
@article{ELSA05,
      author         = "Bartholomy, O. and others",
      title          = "{Neutral pion photoproduction off protons in the energy range 0.3-GeV $<$ E(gamma) $<$ 3-GeV}",
      collaboration  = "CB-ELSA Collaboration",
      journal        = "Phys.Rev.Lett.",
      volume         = "94",
      pages          = "012003",
      doi            = "10.1103/PhysRevLett.94.012003",
      year           = "2005",
      eprint         = "hep-ex/0407022",
      archivePrefix  = "arXiv",
      primaryClass   = "hep-ex",
      SLACcitation   = "%%CITATION = HEP-EX/0407022;%%",
}
@article{Sparks10,
      author         = "Sparks, N. and others",
      title          = "{Measurement of the Beam Asymmetry $\Sigma$ in the Forward Direction for $\vec{\gamma} p \rightarrow p\pi^{0}$ Photoproduction}",
      collaboration  = "CBELSA/TAPS Collaboration",
      journal        = "Phys.Rev.",
      volume         = "C81",
      pages          = "065210",
      doi            = "10.1103/PhysRevC.81.065210",
      year           = "2010",
      eprint         = "1003.1346",
      archivePrefix  = "arXiv",
      primaryClass   = "nucl-ex",
      SLACcitation   = "%%CITATION = ARXIV:1003.1346;%%",
}



@article{Dugger13,
      author         = "Dugger, M. and others",
      title          = "{Beam asymmetry $\Sigma$ for $\pi^+$ and $\pi^0$ photoproduction on the proton for photon energies from 1.102 to 1.862 GeV}",
      collaboration  = "CLAS Collaboration",
      journal        = "Phys.Rev.",
      number         = "6",
      volume         = "C88",
      pages          = "065203",
      doi            = "10.1103/PhysRevC.88.065203",
      year           = "2013",
      eprint         = "1308.4028",
      archivePrefix  = "arXiv",
      primaryClass   = "nucl-ex",
      reportNumber   = "JLAB-PHY-13-1776",
      SLACcitation   = "%%CITATION = ARXIV:1308.4028;%%",
}
@article{ELSA11,
      author         = "Crede, V. and others",
      title          = "{Photoproduction of Neutral Pions off Protons}",
      collaboration  = "CBELSA/TAPS Collaboration",
      journal        = "Phys.Rev.",
      volume         = "C84",
      pages          = "055203",
      doi            = "10.1103/PhysRevC.84.055203",
      year           = "2011",
      eprint         = "1107.2151",
      archivePrefix  = "arXiv",
      primaryClass   = "nucl-ex",
      SLACcitation   = "%%CITATION = ARXIV:1107.2151;%%",
}
@article{BonnGat,
      author         = "Anisovich, A.V. and Klempt, E. and Nikonov, V.A. and
                        Matveev, M.A. and Sarantsev, A.V. and others",
      title          = "{Photoproduction of pions and properties of baryon
                        resonances from a Bonn-Gatchina partial wave analysis}",
      journal        = "Eur.Phys.J.",
      volume         = "A44",
      pages          = "203-220",
      doi            = "10.1140/epja/i2010-10950-x",
      year           = "2010",
      eprint         = "0911.5277",
      archivePrefix  = "arXiv",
      primaryClass   = "hep-ph",
      SLACcitation   = "%%CITATION = ARXIV:0911.5277;%%",
}
@misc{SAID,
ALTauthor = {W.J.~Briscoe, I.I.~Strakovsky, and R.L.~Workman},
title = {Institute of 
	Nuclear Studies of The George Washington University Database},
url = {http://gwdac.phys.gwu.edu/analysis/pr analysis.html}}

@article{Arndt:2006bf,
      author         = "Arndt, R.A. and Briscoe, W.J. and Strakovsky, I.I. and
                        Workman, R.L.",
      title          = "{Extended partial-wave analysis of piN scattering data}",
      journal        = "Phys.Rev.",
      volume         = "C74",
      pages          = "045205",
      doi            = "10.1103/PhysRevC.74.045205",
      year           = "2006",
      eprint         = "nucl-th/0605082",
      archivePrefix  = "arXiv",
      primaryClass   = "nucl-th",
      SLACcitation   = "%%CITATION = NUCL-TH/0605082;%%",
}
@article{Drechsel:2007if,
      author         = "Drechsel, D. and Kamalov, S.S. and Tiator, L.",
      title          = "{Unitary Isobar Model - MAID2007}",
      journal        = "Eur.Phys.J.",
      volume         = "A34",
      pages          = "69-97",
      doi            = "10.1140/epja/i2007-10490-6",
      year           = "2007",
      eprint         = "0710.0306",
      archivePrefix  = "arXiv",
      primaryClass   = "nucl-th",
      SLACcitation   = "%%CITATION = ARXIV:0710.0306;%%",
}
@article{LEPS,
      author         = "Sumihama, M. and Ahn, J.K. and Akimune, H. and Asano, Y.
                        and Chang, W.C. and others",
      title          = "{Backward-angle photoproduction of pi0 mesons on the
                        proton at E gamma = 1.5-2.4-GeV}",
      journal        = "Phys.Lett.",
      volume         = "B657",
      pages          = "32-37",
      doi            = "10.1016/j.physletb.2007.10.032",
      year           = "2007",
      eprint         = "0708.1600",
      archivePrefix  = "arXiv",
      primaryClass   = "nucl-ex",
      SLACcitation   = "%%CITATION = ARXIV:0708.1600;%%",
}


@article{vanPee:2007tw,
      author         = "van Pee, H. and others",
      title          = "{Photoproduction of pi0-mesons off protons from the
                        Delta(1232) region to E(gamma) = 3-GeV}",
      collaboration  = "CB-ELSA Collaboration",
      journal        = "Eur.Phys.J.",
      volume         = "A31",
      pages          = "61-77",
      doi            = "10.1140/epja/i2006-10160-3",
      year           = "2007",
      eprint         = "0704.1776",
      archivePrefix  = "arXiv",
      primaryClass   = "nucl-ex",
      SLACcitation   = "%%CITATION = ARXIV:0704.1776;%%",
}
@article{Adamian:2000yi,
      author         = "Adamian, F.V. and Bunyatyan, A. Yu. and Frangulian, G.S.
                        and Galumian, P.I. and Grabsky, V.H. and others",
      title          = "{Measurement of the cross-section asymmetry of the
                        reaction gamma p ---&gt; pi0 p in the resonance energy
                        region E(gamma) = 0.5-GeV to 1.1-GeV}",
      journal        = "Phys.Rev.",
      volume         = "C63",
      pages          = "054606",
      doi            = "10.1103/PhysRevC.63.054606",
      year           = "2001",
      eprint         = "nucl-ex/0011006",
      archivePrefix  = "arXiv",
      primaryClass   = "nucl-ex",
      SLACcitation   = "%%CITATION = NUCL-EX/0011006;%%",
}
@article{Elsner:2008sn,
      author         = "Elsner, D. and others",
      title          = "{Linearly polarised photon beams at ELSA and measurement
                        of the beam asymmetry in pi0-photoproduction off the
                        proton}",
      collaboration  = "CBELSA Collaboration, TAPS collaboration",
      journal        = "Eur.Phys.J.",
      volume         = "A39",
      pages          = "373-381",
      doi            = "10.1140/epja/i2008-10708-1",
      year           = "2009",
      eprint         = "0810.1849",
      archivePrefix  = "arXiv",
      primaryClass   = "nucl-ex",
      SLACcitation   = "%%CITATION = ARXIV:0810.1849;%%",
}

@article{ar90,
  title = {Pion photoproduction resonance couplings in the second resonance region},
  author = {Arndt, Richard A. and Workman, Ron L. and Li, Zhujun and Roper, L. David},
  journal = {Phys. Rev. C},
  volume = {42},
  issue = {5},
  pages = {1864--1866},
  numpages = {0},
  year = {1990},
  month = {Nov},
  publisher = {American Physical Society},
  doi = {10.1103/PhysRevC.42.1864},
  url = {http://link.aps.org/doi/10.1103/PhysRevC.42.1864}
}
@article{Huang2000,
      author         = "Huang, Han Wen and Kroll, Peter",
      title          = "{Large momentum transfer electroproduction of mesons}",
      journal        = "Eur.Phys.J.",
      volume         = "C17",
      pages          = "423-435",
      doi            = "10.1007/s100520000500",
      year           = "2000",
      eprint         = "hep-ph/0005318",
      archivePrefix  = "arXiv",
      primaryClass   = "hep-ph",
      reportNumber   = "WU-B-00-09",
      SLACcitation   = "%%CITATION = HEP-PH/0005318;%%",
}
@article{Rad1998,
  title = {Nonforward parton densities and soft mechanism for form factors and wide-angle Compton scattering in QCD},
  author = {Radyushkin, A. V.},
  journal = {Phys. Rev. D},
  volume = {58},
  issue = {11},
  pages = {114008},
  numpages = {12},
  year = {1998},
  month = {Oct},
  publisher = {American Physical Society},
  doi = {10.1103/PhysRevD.58.114008},
  url = {http://link.aps.org/doi/10.1103/PhysRevD.58.114008}
}

@article{Rad1997,
      author         = "Radyushkin, A.V.",
      title          = "{Nonforward parton distributions}",
      journal        = "Phys.Rev.",
      volume         = "D56",
      pages          = "5524-5557",
      doi            = "10.1103/PhysRevD.56.5524",
      year           = "1997",
      eprint         = "hep-ph/9704207",
      archivePrefix  = "arXiv",
      primaryClass   = "hep-ph",
      reportNumber   = "JLAB-THY-97-10",
      SLACcitation   = "%%CITATION = HEP-PH/9704207;%%",
}
@article{Rad1996,
      author         = "Radyushkin, A.V.",
      title          = "{Scaling limit of deeply virtual Compton scattering}",
      journal        = "Phys.Lett.",
      volume         = "B380",
      pages          = "417-425",
      doi            = "10.1016/0370-2693(96)00528-X",
      year           = "1996",
      eprint         = "hep-ph/9604317",
      archivePrefix  = "arXiv",
      primaryClass   = "hep-ph",
      reportNumber   = "CEBAF-TH-96-05",
      SLACcitation   = "%%CITATION = HEP-PH/9604317;%%",
}
@article{key1,
      author         = "Ji, Xiang-Dong",
      title          = "{Gauge-Invariant Decomposition of Nucleon Spin}",
      journal        = "Phys.Rev.Lett.",
      volume         = "78",
      pages          = "610-613",
      doi            = "10.1103/PhysRevLett.78.610",
      year           = "1997",
      eprint         = "hep-ph/9603249",
      archivePrefix  = "arXiv",
      primaryClass   = "hep-ph",
      reportNumber   = "MIT-CTP-2517",
      SLACcitation   = "%%CITATION = HEP-PH/9603249;%%",
}
@article{key2,
  title = {Deeply virtual Compton scattering},
  author = {Ji, Xiangdong},
  journal = {Phys. Rev. D},
  volume = {55},
  issue = {11},
  pages = {7114--7125},
  numpages = {0},
  year = {1997},
  month = {Jun},
  publisher = {American Physical Society},
  doi = {10.1103/PhysRevD.55.7114},
  url = {http://link.aps.org/doi/10.1103/PhysRevD.55.7114}
}
@article{Diehl,
      author         = "Diehl, M. and Feldmann, T. and Jakob, R. and Kroll, P.",
      title          = "{Linking parton distributions to form-factors and Compton
                        scattering}",
      journal        = "Eur.Phys.J.",
      volume         = "C8",
      pages          = "409-434",
      doi            = "10.1007/s100529901100",
      year           = "1999",
      eprint         = "hep-ph/9811253",
      archivePrefix  = "arXiv",
      primaryClass   = "hep-ph",
      reportNumber   = "DESY-98-172, WUB-98-37, FNT-T-98-10",
      SLACcitation   = "%%CITATION = HEP-PH/9811253;%%",
}
@article{Walker,
  title = {Phenomenological Analysis of Single-Pion Photoproduction},
  author = {Walker, R. L.},
  journal = {Phys. Rev.},
  volume = {182},
  issue = {5},
  pages = {1729--1748},
  numpages = {0},
  year = {1969},
  month = {Jun},
  publisher = {American Physical Society},
  doi = {10.1103/PhysRev.182.1729},
  url = {http://link.aps.org/doi/10.1103/PhysRev.182.1729}
}
@article{CGLN,
  title = {Relativistic Dispersion Relation Approach to Photomeson Production},
  author = {Chew, G. F. and Goldberger, M. L. and Low, F. E. and Nambu, Y.},
  journal = {Phys. Rev.},
  volume = {106},
  issue = {6},
  pages = {1345--1355},
  numpages = {0},
  year = {1957},
  month = {Jun},
  publisher = {American Physical Society},
  doi = {10.1103/PhysRev.106.1345},
  url = {http://link.aps.org/doi/10.1103/PhysRev.106.1345}
}
@article{Watson52,
  title = {The Hypothesis of Charge Independence for Nuclear Phenomena},
  author = {Watson, Kenneth M.},
  journal = {Phys. Rev.},
  volume = {85},
  issue = {5},
  pages = {852--857},
  numpages = {0},
  year = {1952},
  month = {Mar},
  publisher = {American Physical Society},
  doi = {10.1103/PhysRev.85.852},
  url = {http://link.aps.org/doi/10.1103/PhysRev.85.852}
}
@article{Rosenfeld,
  title = {Analysis of {$\pi^+, \pi^-$}, and {$\pi^0$} photoproduction from the first through the third resonance region},
  author = {Moorhouse, R. G. and Oberlack, H. and Rosenfeld, A. H.},
  journal = {Phys. Rev. D},
  volume = {9},
  issue = {1},
  pages = {1--41},
  numpages = {0},
  year = {1974},
  month = {Jan},
  publisher = {American Physical Society},
  doi = {10.1103/PhysRevD.9.1},
  url = {http://link.aps.org/doi/10.1103/PhysRevD.9.1}
}
