@PhdThesis{goetz,
Author = {Goetz J.},
Title = {{$\Xi$} \uppercase{H}yperon \uppercase{P}hotoproduction from \uppercase{T}hreshold to 5.4 \uppercase{G}eV with the \uppercase{CEBAF} \uppercase{L}arge \uppercase{A}cceptance \uppercase{S}pectrometer},
Type = {Doctoral},
School = {Univeristy of California},
Year = {May 2010},
}


@PhdThesis{williams,
Author = {Williams M.},
Title = {Measurement of \uppercase{D}iffrential \uppercase{C}ross \uppercase{S}ections and \uppercase{S}pin \uppercase{D}ensity \uppercase{M}atrix \uppercase{E}lements along with a \uppercase{P}artial \uppercase{W}ave \uppercase{A}nalysis for $\gamma p \rightarrow p \omega$ using \abbr{CLAS} at \uppercase{J}efferson \uppercase{L}ab},
Type = {Doctoral},
School = {Carnegie Mellon University},
Year = {May 2007},
}

@PhdThesis{bookwalter,
    Author = {Bookwalter, Craig},
    School = {The Florida State University},
    Type = {Doctoral},
    Title = {A SEARCH FOR EXOTIC MESONS IN $\mathrm{\gamma p \rightarrow \pi^+ \pi^+ \pi^- n}$ WITH CLAS AT JEFFERSON LAB},
    Year = {2012},
}

