%% This BibTeX bibliography file was created using BibDesk.
%% http://bibdesk.sourceforge.net/

%% Saved with string encoding Unicode (UTF-8)

@article{cebaf,
    Title = {The Continuous Electron Beam Accelerator Facility: CEBAF at the Jefferson Laboratory},
    Author = {Christoph Leemann, David Douglas, Geoffrey Krafft},
    Journal = {Annu. Rev. Nucl. Part. Sci.},
    Volume = {51},
    Pages = {413-450},
    Year = {2001}}
    
@article{clas,
    Author = {Mecking, B. A. and others},
    Journal = {Nucl. Instr. and Meth. A},
    Pages = {513},
    Title = {The \texttt{CEBAF} {L}arge {A}cceptance {S}pectrometer (\texttt{CLAS})},
    Volume = {503},
    Year = {2003}}

@article{clas.sh,
    Author = {E. Skau and S. Stepanyan},
    Journal = {CLAS-NOTE},
    Title = {Scintillator Hodoscope for the \texttt{CLAS} Inner Calorimeter with \texttt{SiPM} Readout},
    Year = {2007-020}}

@article{clas.dc,
    Author = {M. Mestayer and others},
    Journal = {Nucl. Instr. and Meth. A},
    Pages = {81-111},
    Title = {The CLAS Drift Chamber System},
    Volume = {449},
    Year = {2000}}

@article{clas.cc,
    Author = {G. Adams and others},
    Journal = {Nucl. Instr. and Meth. A},
    Pages = {81-111},
    Title = {The CLAS Cherenkov detector},
    Volume = {465},
    Year = {2000}}
    
@article{clas.tagger,
    Author = {Sober D. I. and others},
    Journal = {Nucl. Instr. and Meth. A},
    Pages = {263-284},
    Title = {The brem{\ss}trahlung tagged photon beam in {H}all \texttt{B} at {JL}ab},
    Volume = {440},
    Year = {2000}}

@unpublished{clas.tagger.calib,
    Author = {J. Li},
    Journal = {CLAS-NOTE},
    Month = mar,
    Note = {JLab},
    Number = {004},
    Title = {The New Tagger Calibration Program},
    Year = {2003}}

@article{clas.tof,
    Author = {E. S. Smith and others},
    Journal = {Nucl. Instr. and Meth. A},
    Pages = {265-298},
    Title = {The Time-Of-Flight System for \texttt{CLAS}},
    Volume = {432},
    Year = {1999}}

@booklet{clas.tof.calib,
    Author = {E. S. Smith},
    Year = {1999},
    Howpublished = {CLAS-NOTE 1999-011},
    Title = {Calibration of the \texttt{CLAS} \texttt{TOF}}}

@booklet{clas.dc.calib,
    Author = {Lawrence, David and Mestayer, Mac},
    Year = {1999},
    Howpublished = {CLAS-NOTE 1999-018},
    Title = {\texttt{CLAS} {D}rift {C}hamber {C}alibration: {S}oftware and {P}rocedures}}

@article{clas.st,
    Title = {A new highly segmented start counter for the \texttt{CLAS} detector},
    Author = {Y. G. Sharabian and others},
    Year = {2006},
    Journal = {Nucl. Instr. and Meth. A},
    Volume = {556},
    Pages = {246-258}}

@article{clas.ec,
    Title = {The {CLAS} Forward Electromagnetic Calorimeter},
    Author = {M. Amarian and others},
    Year = {2001},
    Journal = {Nucl. Instr. and Meth. A},
    Volume = {460},
    Page = {239}}

@article{clas.eloss,
    Author = {E. Pasyuk},
    Journal = {CLAS-NOTE},
    Title = {Energy loss corrections for charged particles in CLAS},
    Year = {2007-016}}
    
@article{clas.gflux,
    Author = {J.Ball and E. Pasyuk},
    Journal = {CLAS-NOTE},
    Title = {Photon Flux Determination Through Sampling of "out-of-time" Hits with the Hall B Photon Tagger},
    Year = {2005-002}}

@misc{clas.pass,
    Author = {Goetz, J. and Weygand, D.},
    Title = {personal correspondance},
    Year = {2009 - 2014}}

@misc{cebafflckr,
  title = {\uppercase{CEBAF} 2013\_V2},
  howpublished = {\url{https://www.flickr.com/photos/jeffersonlab/12614907725/}},
  note = {Accessed: 2013-06-12}}
  
@misc{Jlabwiki,
   author = {Wikipedia},
   title = {Thomas Jefferson National Accelerator Facility --- {W}ikipedia{,} The Free Encyclopedia},
   year = {2004},
   url = {http://en.wikipedia.org/wiki/Thomas_Jefferson_National_Accelerator_Facility},
   note = {[Online; accessed 12-June-2014]}
 } 
 
@ARTICLE{Olsen,
        author = {Olsen, H. and Maximon, L. C.},
        title = {Photon and Electron Polarization in High-Energy Bremsstrahlung and Pair Production with Screening},
        journal = {Phys. Rev.},
        year = {1959},
        volume = {114},
        pages = {887-904}
}  




