@misc{cherenkov_image,
ALTauthor = {hep.de},
title = {cherenkov dipole},
url = {http://hep.uni-freiburg.de/Kamiokanne/cherenkov.html}}

@book{vibe_levelsII,
author = {C. Grupen},
title = {Particle Detectors},
date = {1996},
editor = {Cambridge University Press}
}
@book{vibe_levels,
  title={Particle Detectors},
  author={Grupen, C. and Shwartz, B.},
  isbn={9781139469531},
  series={Cambridge Monographs on Particle Physics, Nuclear Physics and Cosmology},
  url={http://books.google.com/books?id=XCPlJTu3GQkC},
  year={2008},
  publisher={Cambridge University Press}
}
@misc{C5,
ALTauthor = {cern.ch},
title = {Dector-en},
url = {http://public.web.cern.ch/public/en/research/Detector-en.html}}

@article{Goity,
      author         = "Goity, J.L. and Bernstein, A.M. and Holstein, B.R.",
      title          = "{The Decay \piz $\rightarrow \gamma \gamma$ to next to leading
                        order in chiral perturbation theory}",
      journal        = "Phys.Rev.",
      volume         = "D66",
      pages          = "076014",
      doi            = "10.1103/PhysRevD.66.076014",
      year           = "2002",
      eprint         = "hep-ph/0206007",
      archivePrefix  = "arXiv",
      primaryClass   = "hep-ph",
      reportNumber   = "JLAB-THY-02-15",
      SLACcitation   = "%%CITATION = HEP-PH/0206007;%%",
}

@misc{ wiki1,
   author = "Wikipedia",
   title = "Pseudoscalar meson --- Wikipedia{,} The Free Encyclopedia",
   year = "2013",
   url = "http://en.wikipedia.org/w/index.php?title=Pseudoscalar_meson&oldid=543987639",
   note = "[Online; accessed 16-September-2013]"
 }
 
@misc{durham,
    author = "Durham Reaction DataBase",
    title = "Durham Reaction DataBase",
    year = "2014",
    url = "http://hepdata.cedar.ac.uk/reaction",
  }


@misc{Christo,
ALTauthor = {S. Christo},
title = {The g11a Target Cell},
url = {http://www.jlab.org/~christo/g11a_target.html}}

@article{PLUTO,
      author         = "Frohlich, I. and Froehlich, I. and Cazon, Lorenzo and
                        Galatyuk, T. and Hejny, V. and others",
      title          = "{Pluto: A Monte Carlo Simulation Tool for Hadronic
                        Physics}",
      journal        = "PoS",
      volume         = "ACAT2007",
      pages          = "076",
      year           = "2007",
      eprint         = "0708.2382",
      archivePrefix  = "arXiv",
      primaryClass   = "nucl-ex",
      SLACcitation   = "%%CITATION = ARXIV:0708.2382;%%",
}
@article{clas.g1c,
    Author = {M. Williams, D. Applegate, and C. A. Meyer},
    Journal = {CLAS-NOTE},
    Title = {Determining Momentum and Energy Corrections
    for g1c Using Kinematic Fitting},
    Year = {2004-017}}
@article{clas.target.density,
    Author = {R. Bradford and R.A. Schumacher},
    Journal = {CLAS-NOTE},
    Title = {Liquid Hydrogen Density in the G1C CLAS Cryotarget},
    Year = {2002-003}}
    
@book{mccarty,
  title={Selected Properties of Hydrogen (engineering Design Data)},
  author={McCarty, R.D. and Hord, J. and Roder, H.M.},
  lccn={80601095},
  series={NBS monograph},
  url={http://books.google.com/books?id=Skk0nQEACAAJ},
  year={1981},
  publisher={U.S. Government Printing Office}
}
    
@article{dustin.kinfit,
        Author = {D. Keller, K. Hicks},
        Journal = {CLAS-NOTE},
        Title = {Techniques in Kinematic Fitting},
        Year = {2010-1}}

@book{peskin,
  title={An Introduction to Quantum Field Theory},
  author={Peskin, M.E. and Schroeder, D.V.},
  isbn={9780201503975},
  lccn={89027170},
  series={Advanced book classics},
  url={http://books.google.com/books?id=i35LALN0GosC},
  year={1995},
  publisher={Addison-Wesley Publishing Company}
}

@book{Poisson,
author = {Frank A. Haight},
title = {Handbook of the Poisson Distribution},
year = {1967},
publisher  = {John Wiley \& Sons}
}
@book{halzen,
  title={Quarks and leptons: an introductory course in modern particle physics},
  author={Halzen, F. and Martin, A.D.},
  lccn={83014649},
  url={http://books.google.com/books?id=zwDvAAAAMAAJ},
  year={1984},
  publisher={Wiley}
}
@article{KrollWada,
  title = {Internal Pair Production Associated with the Emission of High-Energy Gamma Rays},
  author = {Kroll, Norman M. and Wada, Walter},
  journal = {Phys. Rev.},
  volume = {98},
  issue = {5},
  pages = {1355--1359},
  numpages = {0},
  year = {1955},
  month = {Jun},
  publisher = {American Physical Society},
  doi = {10.1103/PhysRev.98.1355},
  url = {http://link.aps.org/doi/10.1103/PhysRev.98.1355}
}
@article{butterworth,
      author         = "Butterworth, J.M. and Wing, M.",
      title          = "{High energy photoproduction}",
      journal        = "Rept.Prog.Phys.",
      volume         = "68",
      pages          = "2773-2828",
      doi            = "10.1088/0034-4885/68/12/R03",
      year           = "2005",
      eprint         = "hep-ex/0509018",
      archivePrefix  = "arXiv",
      primaryClass   = "hep-ex",
      SLACcitation   = "%%CITATION = HEP-EX/0509018;%%",
}


@misc{CBwiki,
   author = "Wikipedia",
   title = "Crystal Ball function --- Wikipedia{,} The Free Encyclopedia",
   year = "2013",
   url = "\url{http://en.wikipedia.org/w/index.php?title=Crystal_Ball_function&oldid=585502197}",
   note = "[Online; accessed 2-September-2014]"
 }
 
@misc{CBjlab,
    author = "Dmitry A Romanov" ,
    title = "Crystal Ball function ",
    year = "2013",
    url = "\url{https://www.jlab.org/primex/weekly_meetings/slides_2009_07_17/dmitry/crystalball.html}",
    note = "[Online; accessed 2-September-2014]"
  }
  
@misc{brem,
    author = "P. Joss" ,
    title = "Compilation of Photoproduction Data above 1.2~GeV",
    year = "1970",
  }  