@Misc{jlab.news.cd3,
    Month = sep,
    Title = {{DOE}'s {J}efferson {L}ab Receives Approval To Start Construction of \$310 Million Upgrade},
    Author = {{J}efferson {L}ab Press Release},
    Howpublished = {\url{http://www.jlab.org/news/releases/2008/CD-3Approval.html}},
    Year = {2008},
}

@article{jlab.12gev.starts,
    Author = {Allison Lung},
    Title = {{J}efferson {L}ab starts its 12 {GeV} physics upgrade},
    Journal = {{CERN} {C}ourier},
    Volume = {49},
    Issue = {N3},
    Pages = {15-18},
    Year = {2009}}

    
