@ARTICLE{pdg2002,
    author = {Hagiwara, K. and others},
    journal = {Physical Review},
    month = {Jul},
    number = {010001},
    title = {Review of Particle Physics},
    volume = {D 66},
    year = {2002},
}
@ARTICLE{pdg2006,
    author = {Yao, W-M and others},
    journal = {J.\ Phys.\ G: Nucl.\ Part.\ Phys.},
    month = {Jul},
    number = {1},
    title = {Review of Particle Physics},
    volume = {33},
    year = {2006},
    doi = {10.1088/0954-3899/33/1/001},
    web = {http://stacks.iop.org/JPhysG/33/1},
    web-other = {http://pdg.lbl.gov},
    desc = {the PDG book}
}

@article{pdg,
 author        = "J. Beringer et al.",
 collaboration = "Particle Data Group",
 title         = "Review of Particle Physics",
 journal       = "Phys. Rev. D",
 volume        = "86",
 pages         = "010001",
 year          = "2012",
}

@article{pdg2014,
 author        = "K.A. Olive et al",
 collaboration = "Particle Data Group",
 title         = "Review of Particle Physics",
 journal       = "Phys. Rev. C",
 volume        = "38",
 pages         = "090001",
 year          = "2014",
}
