@BOOK{perkins2000,
	address = {Cambridge},
	author = {Perkins, D. H.},
	edition = {4th},
	publisher = {Cambridge University Press},
	title = {Introduction to High energy Physics},
	year = {2000}
}
@BOOK{griffiths1987,
	address = {New York},
	author = {Griffiths, D.},
	publisher = {John Wiley \& Sons, Inc.},
	title = {Introduction to Elementary Particles},
	year = {1987}
}